<record><leader>00000cas a2200000Ma 4500</leader><controlfield tag="001">704119377</controlfield><controlfield tag="008">831212d18651913msuwr nea     0    0eng  </controlfield><datafield ind1=" " ind2=" " tag="010"><subfield code="a">sn 83016933 </subfield></datafield><datafield ind1=" " ind2=" " tag="040"><subfield code="a">DLC</subfield><subfield code="b">eng</subfield><subfield code="c">VA@</subfield><subfield code="d">OCLCF</subfield><subfield code="d">OCLCO</subfield></datafield><datafield ind1=" " ind2=" " tag="043"><subfield code="a">n-us-ms</subfield></datafield><datafield ind1="0" ind2="0" tag="245"><subfield code="a">Weekly clarion-ledger</subfield><subfield code="h">[microform].</subfield></datafield><datafield ind1="1" ind2="0" tag="246"><subfield code="a">Weekly clarion ledger</subfield></datafield><datafield ind1="1" ind2="3" tag="246"><subfield code="i">Issues for 1865-Jan. 11, 1888 called:</subfield><subfield code="a">Weekly clarion</subfield></datafield><datafield ind1="1" ind2="3" tag="246"><subfield code="a">Clarion-ledger</subfield></datafield><datafield ind1=" " ind2=" " tag="260"><subfield code="a">Jackson, Miss. :</subfield><subfield code="b">The Clarion-ledger Co.,</subfield><subfield code="c">-1913.</subfield></datafield><datafield ind1=" " ind2=" " tag="300"><subfield code="a">21 v. :</subfield><subfield code="b">ill.</subfield></datafield><datafield ind1=" " ind2=" " tag="310"><subfield code="a">Weekly</subfield></datafield><datafield ind1="1" ind2=" " tag="362"><subfield code="a">Ceased with issue for Apr. 10, 1913.</subfield></datafield><datafield ind1=" " ind2=" " tag="500"><subfield code="a">"Democratic." Cf. Ayer, 1900.</subfield></datafield><datafield ind1=" " ind2=" " tag="533"><subfield code="a">Microfilm.</subfield><subfield code="b">Wooster, Ohio :</subfield><subfield code="c">Bell &amp; Howell.</subfield></datafield><datafield ind1=" " ind2=" " tag="515"><subfield code="a">Discontinued vol. and issue numbering with July 16, 1903 issue.</subfield></datafield><datafield ind1=" " ind2=" " tag="580"><subfield code="a">Daily ed.: Daily clarion-ledger.</subfield></datafield><datafield ind1=" " ind2="0" tag="651"><subfield code="a">Jackson (Miss.)</subfield><subfield code="v">Newspapers.</subfield></datafield><datafield ind1=" " ind2="7" tag="655"><subfield code="a">Newspapers.</subfield><subfield code="2">fast</subfield><subfield code="0">(OCoLC)fst01423814</subfield></datafield><datafield ind1=" " ind2="7" tag="651"><subfield code="a">Mississippi</subfield><subfield code="z">Jackson.</subfield><subfield code="2">fast</subfield><subfield code="0">(OCoLC)fst01205500</subfield></datafield><datafield ind1=" " ind2=" " tag="752"><subfield code="a">United States</subfield><subfield code="b">Mississippi</subfield><subfield code="c">Hinds</subfield><subfield code="d">Jackson.</subfield></datafield><datafield ind1="1" ind2=" " tag="775"><subfield code="t">Daily clarion-ledger</subfield><subfield code="w">(DLC) sn83045233</subfield></datafield></record>